<record><leader>00000cas a22000007a 4500</leader><controlfield tag="001">45859068</controlfield><controlfield tag="008">010206d18791918sduwr ne      0    0eng d</controlfield><datafield ind1=" " ind2=" " tag="010"><subfield code="a">sn2001063112</subfield></datafield><datafield ind1=" " ind2=" " tag="040"><subfield code="a">SXN</subfield><subfield code="b">eng</subfield><subfield code="c">SXN</subfield><subfield code="d">OCLCQ</subfield><subfield code="d">OCLCF</subfield><subfield code="d">OCLCO</subfield></datafield><datafield ind1="1" ind2=" " tag="029"><subfield code="a">AU@</subfield><subfield code="b">000022280909</subfield></datafield><datafield ind1=" " ind2=" " tag="042"><subfield code="a">msc</subfield></datafield><datafield ind1=" " ind2=" " tag="043"><subfield code="a">n-us-sd</subfield></datafield><datafield ind1="0" ind2="4" tag="245"><subfield code="a">The Mitchell capital.</subfield></datafield><datafield ind1=" " ind2=" " tag="260"><subfield code="a">Mitchell, Dakota [S.D.] :</subfield><subfield code="b">Ewart and Dean</subfield></datafield><datafield ind1=" " ind2=" " tag="300"><subfield code="a">v.</subfield></datafield><datafield ind1=" " ind2=" " tag="310"><subfield code="a">Weekly</subfield></datafield><datafield ind1="1" ind2=" " tag="362"><subfield code="a">Began 1879. Ended 1918.</subfield></datafield><datafield ind1=" " ind2=" " tag="530"><subfield code="a">Available on microfilm from: State Archives, South Dakota State Historical Society.</subfield></datafield><datafield ind1=" " ind2=" " tag="580"><subfield code="a">Continued by: The morning republican, and: The Sunday republican.</subfield></datafield><datafield ind1=" " ind2=" " tag="588"><subfield code="a">Description based on: Vol. 7, no. 11(Nov. 27, 1885).</subfield></datafield><datafield ind1=" " ind2="0" tag="651"><subfield code="a">Mitchell (S.D.)</subfield><subfield code="v">Newspapers.</subfield></datafield><datafield ind1=" " ind2="0" tag="651"><subfield code="a">Davison County (S.D.)</subfield><subfield code="v">Newspapers.</subfield></datafield><datafield ind1=" " ind2="7" tag="655"><subfield code="a">Newspapers.</subfield><subfield code="2">fast</subfield><subfield code="0">(OCoLC)fst01423814</subfield></datafield><datafield ind1=" " ind2="7" tag="651"><subfield code="a">South Dakota</subfield><subfield code="z">Davison County.</subfield><subfield code="2">fast</subfield><subfield code="0">(OCoLC)fst01215572</subfield></datafield><datafield ind1=" " ind2="7" tag="651"><subfield code="a">South Dakota</subfield><subfield code="z">Mitchell.</subfield><subfield code="2">fast</subfield><subfield code="0">(OCoLC)fst01232690</subfield></datafield><datafield ind1=" " ind2=" " tag="752"><subfield code="a">United States</subfield><subfield code="b">South Dakota</subfield><subfield code="c">Davison</subfield><subfield code="d">Mitchell.</subfield></datafield><datafield ind1="0" ind2="0" tag="780"><subfield code="t">Mitchell republican</subfield><subfield code="w">(DLC)sn 95063159</subfield></datafield><datafield ind1="0" ind2="0" tag="785"><subfield code="t">Morning republican</subfield><subfield code="w">(DLC)sn2001063114</subfield></datafield><datafield ind1="0" ind2="0" tag="785"><subfield code="t">Sunday republican</subfield><subfield code="w">(DLC)sn2001063115</subfield></datafield></record>